@book{Feynman:2010,
      author        = "Feynman, Richard Phillips and Leighton, Robert Benjamin
                       and Sands, Matthew",
      title         = "{The Feynman lectures on physics; New millennium ed.}",
      publisher     = "Basic Books",
      address       = "New York, NY",
      year          = "2010",
      url           = "https://cds.cern.ch/record/1494701",
      note          = "Originally published 1963-1965",
}

@misc{wiki:George_Cayley,
   author = "Wikipedia",
   title = "{George Cayley} --- {W}ikipedia{,} The Free Encyclopedia",
   year = "2023",
   url = "https://en.wikipedia.org/wiki/George_Cayley",
   note = "[Online; accessed 27-October-2023]"
}

@book{Hofstadter:1999,
	Author = {Hofstadter, D.R.},
	Isbn = {9780465026562},
	Publisher = {Basic Books},
	Series = {Basic Books},
	Title = {Godel, Escher, Bach: An Eternal Golden Braid},
	Url = {https://books.google.com/books?id=aFcsnUEewLkC},
	Year = {1999},
	Bdsk-Url-1 = {https://books.google.com/books?id=aFcsnUEewLkC}
}

@book{maheswaramma:2015,
  title={Engineering Chemistry},
  author={Maheswaramma, K.S. and Chugh, M.},
  isbn={9788131774519},
  url={https://books.google.com/books?id=W1oyCgAAQBAJ},
  year={2015},
  publisher={Pearson Education India}
}

